<?xml version="1.0" encoding="UTF-8"?><record xmlns="http://www.loc.gov/MARC21/slim" xmlns:cinclude="http://apache.org/cocoon/include/1.0" xmlns:zs="http://www.loc.gov/zing/srw/">
  <leader>00527cz  a2200169n  4500</leader>
  <controlfield tag="001">n 2001091787</controlfield>
  <controlfield tag="003">DLC</controlfield>
  <controlfield tag="005">20100518075339.0</controlfield>
  <controlfield tag="008">010924n| acannaabn          |n ana      </controlfield>
  <datafield tag="010" ind1=" " ind2=" ">
    <subfield code="a">n 2001091787</subfield>
  </datafield>
  <datafield tag="034" ind1=" " ind2=" ">
    <subfield code="d">W0783442</subfield>
    <subfield code="e">W0783442</subfield>
    <subfield code="f">N0424232</subfield>
    <subfield code="g">N0424232</subfield>
    <subfield code="2">gnis</subfield>
  </datafield>
  <datafield tag="035" ind1=" " ind2=" ">
    <subfield code="a">(OCoLC)oca05590477</subfield>
  </datafield>
  <datafield tag="040" ind1=" " ind2=" ">
    <subfield code="a">DLC</subfield>
    <subfield code="b">eng</subfield>
    <subfield code="c">DLC</subfield>
    <subfield code="d">OCoLC</subfield>
  </datafield>
  <datafield tag="043" ind1=" " ind2=" ">
    <subfield code="a">n-us-ny</subfield>
  </datafield>
  <datafield tag="151" ind1=" " ind2=" ">
    <subfield code="a">South Wales (N.Y.)</subfield>
  </datafield>
  <datafield tag="670" ind1=" " ind2=" ">
    <subfield code="a">USGS GNIS, Sept. 24, 2001</subfield>
    <subfield code="b">(South Wales, pop. place, New York, county: Erie; 424232N 0783442W)</subfield>
  </datafield>
  <datafield tag="781" ind1=" " ind2="0">
    <subfield code="z">New York (State)</subfield>
    <subfield code="z">South Wales</subfield>
  </datafield>
</record>